@online {meson,
    title={Meson Build System},
    organization={Meson development team},
    url={https://mesonbuild.com/index.html},
    urldate={2021-04-08}
}

@online {asio,
    title={asio C++ library},
    url={https://think-async.com/Asio/index.html},
    urldate={2021-04-08}
}